@article{iot1,
    author  =  "Doukas, C.",
    title   =  "Building Internet of Things with the Arduino.",
    year      = "2012",
    publisher = "CreateSpace Independent Publishing Platform",
    note      = "{ISBN:} 978-14-700-2343-0"
}

@article{iot2,
    author  =  "Schwartz, M",
    title   =  "Internet of Things with Arduino Cookbook.",
    year      = "2016",
    publisher = "Packt Publishing",
    note      = "{ISBN:} 978-17-852-8658-2"
}

@article{iot3,
    author  =  "Waher, P.",
    title   =  "Learning Internet of Things.",
    year      = "2012",
    publisher = "Packt Publishing",
    note      = "{ISBN:} 978-17-835-5353-2"
}